@misc{LaTeX,
    author = {J. B. Nielsen and M. Ovi},
    publisher = {Gbar},
    year = 2004,
    howpublished = "\url{http://www.gbar.dtu.dk/~latex/}"
}
@book{Deitel:2002,
author = {H. M. Deitel and P. J. Deitel and T. R. Nieto},
title = {Internet \& World Wide Web, How to Program},
publisher = {Prentice Hall},
year = 2002,
address = {Upper Saddle River, New Jersey, USA},
annote = {1366p},
}
